<?xml version="1.0" encoding="UTF-8"?><collection xmlns="http://www.loc.gov/MARC21/slim"><record><leader>00337nam--2200121-i-4500</leader><controlfield tag="001">000035108</controlfield><controlfield tag="002">20161230</controlfield><controlfield tag="005">20161230201040</controlfield><controlfield tag="008">060222s1000------------r-----000-0-eng-d</controlfield><datafield ind1=" " ind2=" " tag="080"><subfield code="a">001.89</subfield></datafield><datafield ind1=" " ind2=" " tag="245"><subfield code="a">Organizarea cercetarii stiintifice</subfield></datafield><datafield ind1=" " ind2=" " tag="260"><subfield code="a">Bucuresti, Inst.National De Informare Si Docum.Stiint.Si Tehnica, 1973, 93p</subfield></datafield><datafield ind1=" " ind2=" " tag="852"><subfield code="a">39574</subfield></datafield></record></collection>